/Users/mhhf/Documents/library.bib